@article{mccammond2006noncrossing,
  title={Noncrossing partitions in surprising locations},
  author={McCammond, Jon},
  journal={The American Mathematical Monthly},
  volume={113},
  number={7},
  pages={598--610},
  year={2006},
  publisher={Taylor \& Francis}
}
@article{ambegaokar1999entropy,
  title={Entropy and time},
  author={Ambegaokar, Vinay and Clerk, Aashish A},
  journal={American Journal of Physics},
  volume={67},
  number={12},
  pages={1068--1073},
  year={1999},
  publisher={AAPT}
}
